@article{nascimento2013,
	author = {Maria Clara do Nascimento and Leonardo Henrique Dias and Renato Gregorin and Gisele Lessa},
	title = {Rediscovery of Lonchophylla bokermanni Sazima, Vizotto and Taddei, 1978 (Chiroptera: Phyllostomidae: Lonchophyllinae) in Minas Gerais, and new records for Espírito Santo, southeastern Brazil},
	volume = {9},
	number = {5},
	year = {2013},
	doi = {10.15560/9.5.1046},
	publisher = {Pensoft Publishers},
	issn = {},
	pages = {1046-1049},
	URL = {https://doi.org/10.15560/9.5.1046},
	journal = {Check List}
}

@article{worldclim,
    author = {Fick, Stephen E. and Hijmans, Robert J.},
    title = {WorldClim 2: new 1-km spatial resolution climate surfaces for global land areas},
    journal = {International Journal of Climatology},
    volume = {37},
    number = {12},
    pages = {4302-4315},
    doi = {https://doi.org/10.1002/joc.5086},
    url = {https://rmets.onlinelibrary.wiley.com/doi/abs/10.1002/joc.5086},
    eprint = {https://rmets.onlinelibrary.wiley.com/doi/pdf/10.1002/joc.5086},
    year = {2017}
}



@inbook{IPCC,
   author = {IPCC},
   title = {Summary for Policymakers},
   booktitle = {Climate Change 2013: The Physical Science Basis. Contribution of Working Group I to the Fifth Assessment Report of the Intergovernmental Panel on Climate Change},
   editor = {Stocker, T.F. and Qin, D. and Plattner, G.-K. and Tignor, M. and Allen, S.K. and Boschung, J. and Nauels, A. and Xia, Y. and Bex, V. and Midgley, P.M.},
   publisher = {Cambridge University Press},
   address = {Cambridge, United Kingdom and New York, NY, USA},
   chapter = {SPM},
   pages = {1–30},
   DOI = {10.1017/CBO9781107415324.004},
   year = {2013},
   type = {Book Section}
}

@article{Vuuren2011,
    author = {Detlef P. van Vuuren and Jae Edmonds and Mikiko Kainuma and Keywan Riahi and Allison Thomson and Kathy Hibbard and George C. Hurtt and Tom Kram and Volker Krey and Jean-Francois Lamarque and Toshihiko Masui and Malte Meinshausen and Nebojsa Nakicenovic and Steven J. Smith and Steven K. Rose},
    title = {The representative concentration pathways: an overview},
    journal = {Climatic Change},
    volume={109},
    DOI={10.1007/s10584-011-0148-z},
    year={2011}
}

@article{claudio2018,
author = {Cláudio, Vinícius and Silveira, Gustavo and Farias, Solange and Maas, Andrea and Brito de Oliveira, Marcione and Lapenta, Marina and Alvarez, Martin and Dias, Daniela and Moratelli, Ricardo},
year = {2018},
month = {07},
pages = {},
title = {First record of Lonchophylla bokermanni (Chiroptera, Phyllostomidae) for the Caatinga biome},
volume = {25},
journal = {Mastozoologia Neotropical},
doi = {10.31687/saremMN.18.25.1.0.05}
}

@article{almeida2016,
	author = {Brunna Almeida and Roberto Leonan Morim Novaes and Marcia Aguieiras and Renan de França Souza and Carlos Eduardo Lustosa Esbérard and Lena Geise},
	title = {Karyotype of three Lonchophylla species (Chiroptera, Phyllostomidae) from Southeastern Brazil},
	volume = {10},
	number = {1},
	year = {2016},
	doi = {10.3897/CompCytogen.v10i1.6646},
	publisher = {Pensoft Publishers},
	issn = {1993-0771},
	pages = {109-115},
	URL = {https://doi.org/10.3897/CompCytogen.v10i1.6646},
	journal = {Comparative Cytogenetics}
}

@article{dias2013,
author = {Dias, Daniela and Esbérard, Cel and Moratelli, Ricardo},
year = {2013},
month = {10},
pages = {347-360},
title = {A new species of Lonchophylla (Chiroptera, Phyllostomidae) from the Atlantic Forest of southeastern Brazil, with comments on L. bokermanni},
volume = {3722},
journal = {Zootaxa},
doi = {10.11646/zootaxa.3722.3.4}
}

@article{nascimento2013,
author = {Nascimento, Maria Clara and Dias-Silva, Leonardo and Gregorin, Renato and Lessa, Gisele},
year = {2013},
month = {10},
pages = {1046-1049},
title = {Rediscovery of Lonchophylla bokermanni Sazima, Vizotto and Taddei, 1978 (Chiroptera: Phyllostomidae: Lonchophyllinae) in Minas Gerais, and new records for Espírito Santo, southeastern Brazil},
volume = {9},
journal = {Check List},
doi = {10.15560/9.5.1046}
}

@MastersThesis{mariana2014,
    author     =     {Moura, Mariana Neves},
    title     =     {Hipóteses filogenéticas baseadas em caracteres moleculares e estudos do tamanho do genoma em Dyckia Schult. & Schult.f. e Encholirium Mart. ex Schult. & Schult.f. (Bromeliaceae)},
    school     =     {Universidade Federal de Viçosa},
    year     =     {2014},
}