@article{nascimento2013,
	author = {Maria Clara do Nascimento and Leonardo Henrique Dias and Renato Gregorin and Gisele Lessa},
	title = {Rediscovery of Lonchophylla bokermanni Sazima, Vizotto and Taddei, 1978 (Chiroptera: Phyllostomidae: Lonchophyllinae) in Minas Gerais, and new records for Esp√≠rito Santo, southeastern Brazil},
	volume = {9},
	number = {5},
	year = {2013},
	doi = {10.15560/9.5.1046},
	publisher = {Pensoft Publishers},
	issn = {},
	pages = {1046-1049},
	URL = {https://doi.org/10.15560/9.5.1046},
	eprint = {https://doi.org/10.15560/9.5.1046},
	journal = {Check List}
}

